%YAML 1.1
%TAG !u! tag:unity3d.com,2011:
--- !u!1 &2696470714597617474
GameObject:
  m_ObjectHideFlags: 0
  m_CorrespondingSourceObject: {fileID: 0}
  m_PrefabInstance: {fileID: 0}
  m_PrefabAsset: {fileID: 0}
  serializedVersion: 6
  m_Component:
  - component: {fileID: 4826561238659428452}
  - component: {fileID: 3562849524326953163}
  - component: {fileID: 9216363500839286443}
  - component: {fileID: 435757742778096153}
  - component: {fileID: 4231054242016522833}
  m_Layer: 0
  m_Name: Estrella
  m_TagString: Star
  m_Icon: {fileID: 0}
  m_NavMeshLayer: 0
  m_StaticEditorFlags: 0
  m_IsActive: 1
--- !u!4 &4826561238659428452
Transform:
  m_ObjectHideFlags: 0
  m_CorrespondingSourceObject: {fileID: 0}
  m_PrefabInstance: {fileID: 0}
  m_PrefabAsset: {fileID: 0}
  m_GameObject: {fileID: 2696470714597617474}
  serializedVersion: 2
  m_LocalRotation: {x: 0, y: 0, z: 0, w: 1}
  m_LocalPosition: {x: 0, y: 0, z: 0}
  m_LocalScale: {x: 1, y: 1, z: 1}
  m_ConstrainProportionsScale: 0
  m_Children:
  - {fileID: 703932757068376976}
  m_Father: {fileID: 0}
  m_LocalEulerAnglesHint: {x: 0, y: 0, z: 0}
--- !u!114 &3562849524326953163
MonoBehaviour:
  m_ObjectHideFlags: 0
  m_CorrespondingSourceObject: {fileID: 0}
  m_PrefabInstance: {fileID: 0}
  m_PrefabAsset: {fileID: 0}
  m_GameObject: {fileID: 2696470714597617474}
  m_Enabled: 1
  m_EditorHideFlags: 0
  m_Script: {fileID: 11500000, guid: 4a2a0764a17f885448f90969cac60184, type: 3}
  m_Name: 
  m_EditorClassIdentifier: 
  velocidadRotacionY: 0
  velocidadRotacionZ: -100
--- !u!135 &9216363500839286443
SphereCollider:
  m_ObjectHideFlags: 0
  m_CorrespondingSourceObject: {fileID: 0}
  m_PrefabInstance: {fileID: 0}
  m_PrefabAsset: {fileID: 0}
  m_GameObject: {fileID: 2696470714597617474}
  m_Material: {fileID: 0}
  m_IncludeLayers:
    serializedVersion: 2
    m_Bits: 0
  m_ExcludeLayers:
    serializedVersion: 2
    m_Bits: 0
  m_LayerOverridePriority: 0
  m_IsTrigger: 1
  m_ProvidesContacts: 0
  m_Enabled: 1
  serializedVersion: 3
  m_Radius: 0.5
  m_Center: {x: 0.03, y: 0.04, z: 0}
--- !u!54 &435757742778096153
Rigidbody:
  m_ObjectHideFlags: 0
  m_CorrespondingSourceObject: {fileID: 0}
  m_PrefabInstance: {fileID: 0}
  m_PrefabAsset: {fileID: 0}
  m_GameObject: {fileID: 2696470714597617474}
  serializedVersion: 4
  m_Mass: 1
  m_Drag: 0
  m_AngularDrag: 0.05
  m_CenterOfMass: {x: 0, y: 0, z: 0}
  m_InertiaTensor: {x: 1, y: 1, z: 1}
  m_InertiaRotation: {x: 0, y: 0, z: 0, w: 1}
  m_IncludeLayers:
    serializedVersion: 2
    m_Bits: 0
  m_ExcludeLayers:
    serializedVersion: 2
    m_Bits: 0
  m_ImplicitCom: 1
  m_ImplicitTensor: 1
  m_UseGravity: 1
  m_IsKinematic: 0
  m_Interpolate: 0
  m_Constraints: 12
  m_CollisionDetection: 0
--- !u!114 &4231054242016522833
MonoBehaviour:
  m_ObjectHideFlags: 0
  m_CorrespondingSourceObject: {fileID: 0}
  m_PrefabInstance: {fileID: 0}
  m_PrefabAsset: {fileID: 0}
  m_GameObject: {fileID: 2696470714597617474}
  m_Enabled: 1
  m_EditorHideFlags: 0
  m_Script: {fileID: 11500000, guid: dc97ac1a62904c0468aeacd26af3a7d5, type: 3}
  m_Name: 
  m_EditorClassIdentifier: 
--- !u!1 &3398148745143563103
GameObject:
  m_ObjectHideFlags: 0
  m_CorrespondingSourceObject: {fileID: 0}
  m_PrefabInstance: {fileID: 0}
  m_PrefabAsset: {fileID: 0}
  serializedVersion: 6
  m_Component:
  - component: {fileID: 703932757068376976}
  - component: {fileID: 45865113224547091}
  - component: {fileID: 8846778970703755449}
  - component: {fileID: 1482846078572473524}
  - component: {fileID: 2592984663425315238}
  - component: {fileID: 2172130716495215388}
  m_Layer: 0
  m_Name: Estrellita
  m_TagString: Untagged
  m_Icon: {fileID: 0}
  m_NavMeshLayer: 0
  m_StaticEditorFlags: 0
  m_IsActive: 1
--- !u!4 &703932757068376976
Transform:
  m_ObjectHideFlags: 0
  m_CorrespondingSourceObject: {fileID: 0}
  m_PrefabInstance: {fileID: 0}
  m_PrefabAsset: {fileID: 0}
  m_GameObject: {fileID: 3398148745143563103}
  serializedVersion: 2
  m_LocalRotation: {x: -0.66446304, y: 0.24184477, z: -0.24184477, w: 0.66446304}
  m_LocalPosition: {x: 0.2571094, y: -0.34902763, z: 0.125}
  m_LocalScale: {x: 1, y: 1, z: 1}
  m_ConstrainProportionsScale: 0
  m_Children: []
  m_Father: {fileID: 4826561238659428452}
  m_LocalEulerAnglesHint: {x: 0, y: 0, z: 0}
--- !u!114 &45865113224547091
MonoBehaviour:
  m_ObjectHideFlags: 0
  m_CorrespondingSourceObject: {fileID: 0}
  m_PrefabInstance: {fileID: 0}
  m_PrefabAsset: {fileID: 0}
  m_GameObject: {fileID: 3398148745143563103}
  m_Enabled: 1
  m_EditorHideFlags: 0
  m_Script: {fileID: 11500000, guid: 8233d90336aea43098adf6dbabd606a2, type: 3}
  m_Name: 
  m_EditorClassIdentifier: 
  m_MeshFormatVersion: 2
  m_Faces:
  - m_Indexes: 070000000500000006000000080000000900000007000000000000000100000009000000090000000100000007000000010000000500000007000000010000000200000003000000030000000500000001000000030000000400000005000000
    m_SmoothingGroup: 0
    m_Uv:
      m_UseWorldSpace: 0
      m_FlipU: 0
      m_FlipV: 0
      m_SwapUV: 0
      m_Fill: 1
      m_Scale: {x: 1, y: 1}
      m_Offset: {x: 0, y: 0}
      m_Rotation: 0
      m_Anchor: 9
    m_Material: {fileID: 2100000, guid: c22777d6e868e4f2fb421913386b154e, type: 2}
    m_SubmeshIndex: 0
    m_ManualUV: 0
    elementGroup: 0
    m_TextureGroup: -1
  - m_Indexes: 0b0000001300000012000000100000000b000000120000001200000011000000100000000a0000000b000000100000000a000000100000000e0000000e000000100000000f0000000a0000000e0000000d0000000c0000000b0000000a000000
    m_SmoothingGroup: 0
    m_Uv:
      m_UseWorldSpace: 0
      m_FlipU: 0
      m_FlipV: 0
      m_SwapUV: 0
      m_Fill: 1
      m_Scale: {x: 1, y: 1}
      m_Offset: {x: 0, y: 0}
      m_Rotation: 0
      m_Anchor: 9
    m_Material: {fileID: 2100000, guid: c22777d6e868e4f2fb421913386b154e, type: 2}
    m_SubmeshIndex: 0
    m_ManualUV: 0
    elementGroup: 0
    m_TextureGroup: -1
  - m_Indexes: 140000001500000016000000150000001700000016000000
    m_SmoothingGroup: 0
    m_Uv:
      m_UseWorldSpace: 0
      m_FlipU: 0
      m_FlipV: 0
      m_SwapUV: 0
      m_Fill: 1
      m_Scale: {x: 1, y: 1}
      m_Offset: {x: 0, y: 0}
      m_Rotation: 0
      m_Anchor: 9
    m_Material: {fileID: 0}
    m_SubmeshIndex: 0
    m_ManualUV: 0
    elementGroup: -1
    m_TextureGroup: -1
  - m_Indexes: 18000000190000001a000000190000001b0000001a000000
    m_SmoothingGroup: 0
    m_Uv:
      m_UseWorldSpace: 0
      m_FlipU: 0
      m_FlipV: 0
      m_SwapUV: 0
      m_Fill: 1
      m_Scale: {x: 1, y: 1}
      m_Offset: {x: 0, y: 0}
      m_Rotation: 0
      m_Anchor: 9
    m_Material: {fileID: 0}
    m_SubmeshIndex: 0
    m_ManualUV: 0
    elementGroup: -1
    m_TextureGroup: -1
  - m_Indexes: 1c0000001d0000001e0000001d0000001f0000001e000000
    m_SmoothingGroup: 0
    m_Uv:
      m_UseWorldSpace: 0
      m_FlipU: 0
      m_FlipV: 0
      m_SwapUV: 0
      m_Fill: 1
      m_Scale: {x: 1, y: 1}
      m_Offset: {x: 0, y: 0}
      m_Rotation: 0
      m_Anchor: 9
    m_Material: {fileID: 0}
    m_SubmeshIndex: 0
    m_ManualUV: 0
    elementGroup: -1
    m_TextureGroup: -1
  - m_Indexes: 200000002100000022000000210000002300000022000000
    m_SmoothingGroup: 0
    m_Uv:
      m_UseWorldSpace: 0
      m_FlipU: 0
      m_FlipV: 0
      m_SwapUV: 0
      m_Fill: 1
      m_Scale: {x: 1, y: 1}
      m_Offset: {x: 0, y: 0}
      m_Rotation: 0
      m_Anchor: 9
    m_Material: {fileID: 0}
    m_SubmeshIndex: 0
    m_ManualUV: 0
    elementGroup: -1
    m_TextureGroup: -1
  - m_Indexes: 240000002500000026000000250000002700000026000000
    m_SmoothingGroup: 0
    m_Uv:
      m_UseWorldSpace: 0
      m_FlipU: 0
      m_FlipV: 0
      m_SwapUV: 0
      m_Fill: 1
      m_Scale: {x: 1, y: 1}
      m_Offset: {x: 0, y: 0}
      m_Rotation: 0
      m_Anchor: 9
    m_Material: {fileID: 0}
    m_SubmeshIndex: 0
    m_ManualUV: 0
    elementGroup: -1
    m_TextureGroup: -1
  - m_Indexes: 28000000290000002a000000290000002b0000002a000000
    m_SmoothingGroup: 0
    m_Uv:
      m_UseWorldSpace: 0
      m_FlipU: 0
      m_FlipV: 0
      m_SwapUV: 0
      m_Fill: 1
      m_Scale: {x: 1, y: 1}
      m_Offset: {x: 0, y: 0}
      m_Rotation: 0
      m_Anchor: 9
    m_Material: {fileID: 0}
    m_SubmeshIndex: 0
    m_ManualUV: 0
    elementGroup: -1
    m_TextureGroup: -1
  - m_Indexes: 2c0000002d0000002e0000002d0000002f0000002e000000
    m_SmoothingGroup: 0
    m_Uv:
      m_UseWorldSpace: 0
      m_FlipU: 0
      m_FlipV: 0
      m_SwapUV: 0
      m_Fill: 1
      m_Scale: {x: 1, y: 1}
      m_Offset: {x: 0, y: 0}
      m_Rotation: 0
      m_Anchor: 9
    m_Material: {fileID: 0}
    m_SubmeshIndex: 0
    m_ManualUV: 0
    elementGroup: -1
    m_TextureGroup: -1
  - m_Indexes: 300000003100000032000000310000003300000032000000
    m_SmoothingGroup: 0
    m_Uv:
      m_UseWorldSpace: 0
      m_FlipU: 0
      m_FlipV: 0
      m_SwapUV: 0
      m_Fill: 1
      m_Scale: {x: 1, y: 1}
      m_Offset: {x: 0, y: 0}
      m_Rotation: 0
      m_Anchor: 9
    m_Material: {fileID: 0}
    m_SubmeshIndex: 0
    m_ManualUV: 0
    elementGroup: -1
    m_TextureGroup: -1
  - m_Indexes: 340000003500000036000000350000003700000036000000
    m_SmoothingGroup: 0
    m_Uv:
      m_UseWorldSpace: 0
      m_FlipU: 0
      m_FlipV: 0
      m_SwapUV: 0
      m_Fill: 1
      m_Scale: {x: 1, y: 1}
      m_Offset: {x: 0, y: 0}
      m_Rotation: 0
      m_Anchor: 9
    m_Material: {fileID: 0}
    m_SubmeshIndex: 0
    m_ManualUV: 0
    elementGroup: -1
    m_TextureGroup: -1
  - m_Indexes: 38000000390000003a000000390000003b0000003a000000
    m_SmoothingGroup: 0
    m_Uv:
      m_UseWorldSpace: 0
      m_FlipU: 0
      m_FlipV: 0
      m_SwapUV: 0
      m_Fill: 1
      m_Scale: {x: 1, y: 1}
      m_Offset: {x: 0, y: 0}
      m_Rotation: 0
      m_Anchor: 9
    m_Material: {fileID: 0}
    m_SubmeshIndex: 0
    m_ManualUV: 0
    elementGroup: -1
    m_TextureGroup: -1
  m_SharedVertices:
  - m_Vertices: 00000000260000002b000000
  - m_Vertices: 0f0000002400000029000000
  - m_Vertices: 01000000270000002e000000
  - m_Vertices: 10000000250000002c000000
  - m_Vertices: 020000002f00000032000000
  - m_Vertices: 110000002d00000030000000
  - m_Vertices: 030000003300000036000000
  - m_Vertices: 120000003100000034000000
  - m_Vertices: 04000000370000003a000000
  - m_Vertices: 130000003500000038000000
  - m_Vertices: 05000000160000003b000000
  - m_Vertices: 0b0000001400000039000000
  - m_Vertices: 06000000170000001a000000
  - m_Vertices: 0c0000001500000018000000
  - m_Vertices: 070000001b00000022000000
  - m_Vertices: 0a0000001900000020000000
  - m_Vertices: 080000001e00000023000000
  - m_Vertices: 0d0000001c00000021000000
  - m_Vertices: 090000001f0000002a000000
  - m_Vertices: 0e0000001d00000028000000
  m_SharedTextures: []
  m_Positions:
  - {x: -1.1825299e-10, y: 0.25, z: -0.000000025448545}
  - {x: -0.2939623, y: 0.25, z: -0.006254461}
  - {x: -0.4127983, y: 0.24999997, z: -0.35025316}
  - {x: -0.5441431, y: 0.25, z: -0.01876357}
  - {x: -0.87563264, y: 0.25, z: -0.01876357}
  - {x: -0.5941793, y: 0.25000003, z: 0.18763542}
  - {x: -0.7130151, y: 0.25000006, z: 0.56290656}
  - {x: -0.42530727, y: 0.25000003, z: 0.31272578}
  - {x: -0.14385393, y: 0.25000006, z: 0.5566521}
  - {x: -0.22516268, y: 0.25000003, z: 0.1938901}
  - {x: -0.42530727, y: 0.000000029802322, z: 0.3127258}
  - {x: -0.5941793, y: 0.000000029802322, z: 0.18763545}
  - {x: -0.7130151, y: 0.000000059604645, z: 0.56290656}
  - {x: -0.14385393, y: 0.000000059604645, z: 0.5566521}
  - {x: -0.22516268, y: 0.000000029802322, z: 0.19389012}
  - {x: 0, y: 0, z: 0}
  - {x: -0.2939623, y: -9.313226e-10, z: -0.0062544355}
  - {x: -0.4127983, y: -0.000000029802322, z: -0.35025313}
  - {x: -0.5441431, y: -0.0000000018626451, z: -0.018763544}
  - {x: -0.87563264, y: -0.0000000018626451, z: -0.018763544}
  - {x: -0.5941793, y: 0.000000029802322, z: 0.18763545}
  - {x: -0.7130151, y: 0.000000059604645, z: 0.56290656}
  - {x: -0.5941793, y: 0.25000003, z: 0.18763542}
  - {x: -0.7130151, y: 0.25000006, z: 0.56290656}
  - {x: -0.7130151, y: 0.000000059604645, z: 0.56290656}
  - {x: -0.42530727, y: 0.000000029802322, z: 0.3127258}
  - {x: -0.7130151, y: 0.25000006, z: 0.56290656}
  - {x: -0.42530727, y: 0.25000003, z: 0.31272578}
  - {x: -0.14385393, y: 0.000000059604645, z: 0.5566521}
  - {x: -0.22516268, y: 0.000000029802322, z: 0.19389012}
  - {x: -0.14385393, y: 0.25000006, z: 0.5566521}
  - {x: -0.22516268, y: 0.25000003, z: 0.1938901}
  - {x: -0.42530727, y: 0.000000029802322, z: 0.3127258}
  - {x: -0.14385393, y: 0.000000059604645, z: 0.5566521}
  - {x: -0.42530727, y: 0.25000003, z: 0.31272578}
  - {x: -0.14385393, y: 0.25000006, z: 0.5566521}
  - {x: 0, y: 0, z: 0}
  - {x: -0.2939623, y: -9.313226e-10, z: -0.0062544355}
  - {x: -1.1825299e-10, y: 0.25, z: -0.000000025448545}
  - {x: -0.2939623, y: 0.25, z: -0.006254461}
  - {x: -0.22516268, y: 0.000000029802322, z: 0.19389012}
  - {x: 0, y: 0, z: 0}
  - {x: -0.22516268, y: 0.25000003, z: 0.1938901}
  - {x: -1.1825299e-10, y: 0.25, z: -0.000000025448545}
  - {x: -0.2939623, y: -9.313226e-10, z: -0.0062544355}
  - {x: -0.4127983, y: -0.000000029802322, z: -0.35025313}
  - {x: -0.2939623, y: 0.25, z: -0.006254461}
  - {x: -0.4127983, y: 0.24999997, z: -0.35025316}
  - {x: -0.4127983, y: -0.000000029802322, z: -0.35025313}
  - {x: -0.5441431, y: -0.0000000018626451, z: -0.018763544}
  - {x: -0.4127983, y: 0.24999997, z: -0.35025316}
  - {x: -0.5441431, y: 0.25, z: -0.01876357}
  - {x: -0.5441431, y: -0.0000000018626451, z: -0.018763544}
  - {x: -0.87563264, y: -0.0000000018626451, z: -0.018763544}
  - {x: -0.5441431, y: 0.25, z: -0.01876357}
  - {x: -0.87563264, y: 0.25, z: -0.01876357}
  - {x: -0.87563264, y: -0.0000000018626451, z: -0.018763544}
  - {x: -0.5941793, y: 0.000000029802322, z: 0.18763545}
  - {x: -0.87563264, y: 0.25, z: -0.01876357}
  - {x: -0.5941793, y: 0.25000003, z: 0.18763542}
  m_Textures0:
  - {x: -3.6612438e-10, y: -2.5423574e-10}
  - {x: -0.2939623, y: -0.006254436}
  - {x: -0.4127983, y: -0.35025313}
  - {x: -0.5441431, y: -0.018763544}
  - {x: -0.87563264, y: -0.018763544}
  - {x: -0.5941793, y: 0.18763545}
  - {x: -0.7130151, y: 0.56290656}
  - {x: -0.42530727, y: 0.3127258}
  - {x: -0.14385393, y: 0.5566521}
  - {x: -0.22516268, y: 0.19389012}
  - {x: 0.42530727, y: 0.3127258}
  - {x: 0.5941793, y: 0.18763545}
  - {x: 0.7130151, y: 0.56290656}
  - {x: 0.14385393, y: 0.5566521}
  - {x: 0.22516268, y: 0.19389012}
  - {x: 0, y: 0}
  - {x: 0.2939623, y: -0.0062544355}
  - {x: 0.4127983, y: -0.35025313}
  - {x: 0.5441431, y: -0.018763544}
  - {x: 0.87563264, y: -0.018763544}
  - {x: -0.35825855, y: 0.00000004814953}
  - {x: -0.75189584, y: 0.00000007795185}
  - {x: -0.35825852, y: 0.25000006}
  - {x: -0.75189584, y: 0.2500001}
  - {x: 0.9074124, y: 0.000000059604645}
  - {x: 0.52614325, y: 0.000000029802322}
  - {x: 0.9074124, y: 0.25000006}
  - {x: 0.5261432, y: 0.25000003}
  - {x: 0.5117128, y: 0.000000059604645}
  - {x: 0.13995028, y: 0.000000029802322}
  - {x: 0.5117128, y: 0.25000006}
  - {x: 0.13995026, y: 0.25000003}
  - {x: 0.116586275, y: -0.000000016579838}
  - {x: -0.25585973, y: 0.000000013222487}
  - {x: 0.1165863, y: 0.24999999}
  - {x: -0.25585973, y: 0.25}
  - {x: 0, y: 0}
  - {x: -0.29402882, y: -9.313225e-10}
  - {x: -6.595551e-10, y: 0.25}
  - {x: -0.29402882, y: 0.25}
  - {x: 0.29713905, y: 0.000000029802322}
  - {x: 0, y: 0}
  - {x: 0.29713905, y: 0.25000003}
  - {x: -0.000000016516157, y: 0.25}
  - {x: -0.10189633, y: -0.000000010157252}
  - {x: -0.46584287, y: -0.00000003902825}
  - {x: -0.10189635, y: 0.24999999}
  - {x: -0.4658429, y: 0.24999996}
  - {x: 0.17356387, y: -0.000000007284402}
  - {x: -0.18299864, y: 0.000000020655275}
  - {x: 0.17356388, y: 0.25}
  - {x: -0.18299861, y: 0.25000003}
  - {x: -0.5441431, y: 9.454501e-11}
  - {x: -0.87563264, y: 9.454501e-11}
  - {x: -0.5441431, y: 0.25}
  - {x: -0.87563264, y: 0.25}
  - {x: 0.71721077, y: -0.000000044145892}
  - {x: 0.3681885, y: -0.0000000124809265}
  - {x: 0.71721077, y: 0.24999996}
  - {x: 0.36818853, y: 0.24999999}
  m_Textures2: []
  m_Textures3: []
  m_Tangents:
  - {x: 1, y: -0.00000000319147, z: -3.3306922e-23, w: -1}
  - {x: 1, y: 0.0000000011321695, z: 0.0000000029864178, w: -1}
  - {x: 1, y: -0.0000000044079096, z: 0.000000007576057, w: -1}
  - {x: 1, y: -0.0000000038470254, z: 0.000000004977363, w: -1}
  - {x: 1, y: 0, z: 0, w: -1}
  - {x: 1, y: -0.000000026953616, z: -0.000000010073308, w: -1}
  - {x: 1, y: -0.000000047649266, z: -0.000000047649266, w: -1}
  - {x: 1, y: 0.0000000039484567, z: -0.0000000011498917, w: -1}
  - {x: 1, y: 0.0000000430497, z: 0.0000000430497, w: -1}
  - {x: 1, y: 0.000000037761215, z: 0.0000000143499, w: -1}
  - {x: -1, y: -0.0000000041077763, z: -7.509336e-23, w: -1}
  - {x: -1, y: 0.000000026559881, z: 0, w: -1}
  - {x: -1, y: 0.00000004764927, z: -2.2853369e-22, w: -1}
  - {x: -1, y: -0.0000000430497, z: 0, w: -1}
  - {x: -1, y: -0.000000039556657, z: 0, w: -1}
  - {x: -1, y: 9.969114e-11, z: -1.0657551e-24, w: -1}
  - {x: -1, y: -0.0000000033095755, z: 0, w: -1}
  - {x: -1, y: 4.8213483e-10, z: 0, w: -1}
  - {x: -1, y: 0.0000000014610362, z: 0, w: -1}
  - {x: -1, y: 0, z: 0, w: -1}
  - {x: 0.30189162, y: 0, z: -0.95334226, w: -1}
  - {x: 0.3018916, y: -0.000000018927526, z: -0.95334226, w: -1}
  - {x: 0.3018916, y: -0.000000018927526, z: -0.95334226, w: -1}
  - {x: 0.30189157, y: -0.00000003785505, z: -0.95334226, w: -1}
  - {x: -0.75460553, y: 0, z: 0.6561788, w: -1}
  - {x: -0.7546054, y: 0, z: 0.65617883, w: -1}
  - {x: -0.7546054, y: 0, z: 0.65617883, w: -1}
  - {x: -0.7546054, y: 0, z: 0.65617883, w: -1}
  - {x: 0.21871154, y: 0, z: 0.9757896, w: -1}
  - {x: 0.21871153, y: -1.9425484e-16, z: 0.97578955, w: -1}
  - {x: 0.21871153, y: -1.9425484e-16, z: 0.97578955, w: -1}
  - {x: 0.21871151, y: 0, z: 0.97578955, w: -1}
  - {x: -0.75568897, y: 9.538869e-15, z: -0.6549307, w: -1}
  - {x: -0.7556889, y: -0.000000020004455, z: -0.6549308, w: -1}
  - {x: -0.7556889, y: -0.000000020004455, z: -0.6549308, w: -1}
  - {x: -0.7556889, y: -0.000000040008914, z: -0.6549308, w: -1}
  - {x: 0.99977374, y: 1.8879492e-16, z: 0.021271504, w: -1}
  - {x: 0.99977374, y: 9.439746e-17, z: 0.021271504, w: -1}
  - {x: 0.99977374, y: 9.439746e-17, z: 0.021271504, w: -1}
  - {x: 0.99977374, y: 0, z: 0.021271504, w: -1}
  - {x: -0.75776875, y: 0, z: 0.6525232, w: -1}
  - {x: -0.75776875, y: 5.0001795e-15, z: 0.6525233, w: -1}
  - {x: -0.75776875, y: 5.0001795e-15, z: 0.6525233, w: -1}
  - {x: -0.75776875, y: 0, z: 0.6525232, w: -1}
  - {x: 0.32652044, y: -9.969039e-16, z: 0.94519013, w: -1}
  - {x: 0.32652044, y: -1.0784688e-15, z: 0.94519013, w: -1}
  - {x: 0.32652044, y: -1.0784688e-15, z: 0.94519013, w: -1}
  - {x: 0.32652044, y: -1.1600336e-15, z: 0.94519013, w: -1}
  - {x: 0.36836407, y: 1.3086921e-15, z: -0.92968166, w: -1}
  - {x: 0.36836407, y: -0.00000002089558, z: -0.92968166, w: -1}
  - {x: 0.36836407, y: -0.00000002089558, z: -0.92968166, w: -1}
  - {x: 0.36836407, y: -0.000000041791164, z: -0.92968166, w: -1}
  - {x: 1, y: 0, z: 0, w: -1}
  - {x: 1, y: 0, z: 0, w: -1}
  - {x: 1, y: 0, z: 0, w: -1}
  - {x: 1, y: 0, z: 0, w: -1}
  - {x: -0.80640525, y: 0, z: -0.59136343, w: -1}
  - {x: -0.80640525, y: 5.371738e-15, z: -0.5913634, w: -1}
  - {x: -0.80640525, y: 5.371738e-15, z: -0.5913634, w: -1}
  - {x: -0.8064052, y: 2.8649272e-15, z: -0.59136343, w: -1}
  m_Colors: []
  m_UnwrapParameters:
    m_HardAngle: 88
    m_PackMargin: 20
    m_AngleError: 8
    m_AreaError: 15
  m_PreserveMeshAssetOnDestroy: 0
  assetGuid: 
  m_Mesh: {fileID: 0}
  m_VersionIndex: 65
  m_IsSelectable: 1
  m_SelectedFaces: 
  m_SelectedEdges: []
  m_SelectedVertices: 
--- !u!114 &8846778970703755449
MonoBehaviour:
  m_ObjectHideFlags: 0
  m_CorrespondingSourceObject: {fileID: 0}
  m_PrefabInstance: {fileID: 0}
  m_PrefabAsset: {fileID: 0}
  m_GameObject: {fileID: 3398148745143563103}
  m_Enabled: 1
  m_EditorHideFlags: 0
  m_Script: {fileID: 11500000, guid: bb977b126bc1b4f15813dcf9da9bb600, type: 3}
  m_Name: 
  m_EditorClassIdentifier: 
  m_Points:
  - {x: 0, y: 0, z: 0}
  - {x: -0.2939623, y: -9.313226e-10, z: -0.0062544355}
  - {x: -0.4127983, y: -0.000000029802322, z: -0.35025313}
  - {x: -0.5441431, y: -0.0000000018626451, z: -0.018763544}
  - {x: -0.87563264, y: -0.0000000018626451, z: -0.018763544}
  - {x: -0.5941793, y: 0.000000029802322, z: 0.18763545}
  - {x: -0.7130151, y: 0.000000059604645, z: 0.56290656}
  - {x: -0.42530727, y: 0.000000029802322, z: 0.3127258}
  - {x: -0.14385393, y: 0.000000059604645, z: 0.5566521}
  - {x: -0.22516268, y: 0.000000029802322, z: 0.19389012}
  m_Extrude: 0.25
  m_EditMode: 0
  m_FlipNormals: 0
  isOnGrid: 1
--- !u!23 &1482846078572473524
MeshRenderer:
  m_ObjectHideFlags: 0
  m_CorrespondingSourceObject: {fileID: 0}
  m_PrefabInstance: {fileID: 0}
  m_PrefabAsset: {fileID: 0}
  m_GameObject: {fileID: 3398148745143563103}
  m_Enabled: 1
  m_CastShadows: 1
  m_ReceiveShadows: 1
  m_DynamicOccludee: 1
  m_StaticShadowCaster: 0
  m_MotionVectors: 1
  m_LightProbeUsage: 1
  m_ReflectionProbeUsage: 1
  m_RayTracingMode: 2
  m_RayTraceProcedural: 0
  m_RenderingLayerMask: 1
  m_RendererPriority: 0
  m_Materials:
  - {fileID: 2100000, guid: 3167840f98ddd8d469614ae0f58512c4, type: 2}
  m_StaticBatchInfo:
    firstSubMesh: 0
    subMeshCount: 0
  m_StaticBatchRoot: {fileID: 0}
  m_ProbeAnchor: {fileID: 0}
  m_LightProbeVolumeOverride: {fileID: 0}
  m_ScaleInLightmap: 1
  m_ReceiveGI: 1
  m_PreserveUVs: 0
  m_IgnoreNormalsForChartDetection: 0
  m_ImportantGI: 0
  m_StitchLightmapSeams: 1
  m_SelectedEditorRenderState: 2
  m_MinimumChartSize: 4
  m_AutoUVMaxDistance: 0.5
  m_AutoUVMaxAngle: 89
  m_LightmapParameters: {fileID: 0}
  m_SortingLayerID: 0
  m_SortingLayer: 0
  m_SortingOrder: 0
  m_AdditionalVertexStreams: {fileID: 0}
--- !u!33 &2592984663425315238
MeshFilter:
  m_ObjectHideFlags: 0
  m_CorrespondingSourceObject: {fileID: 0}
  m_PrefabInstance: {fileID: 0}
  m_PrefabAsset: {fileID: 0}
  m_GameObject: {fileID: 3398148745143563103}
  m_Mesh: {fileID: 0}
--- !u!64 &2172130716495215388
MeshCollider:
  m_ObjectHideFlags: 0
  m_CorrespondingSourceObject: {fileID: 0}
  m_PrefabInstance: {fileID: 0}
  m_PrefabAsset: {fileID: 0}
  m_GameObject: {fileID: 3398148745143563103}
  m_Material: {fileID: 0}
  m_IncludeLayers:
    serializedVersion: 2
    m_Bits: 0
  m_ExcludeLayers:
    serializedVersion: 2
    m_Bits: 0
  m_LayerOverridePriority: 0
  m_IsTrigger: 0
  m_ProvidesContacts: 0
  m_Enabled: 1
  serializedVersion: 5
  m_Convex: 0
  m_CookingOptions: 30
  m_Mesh: {fileID: 0}
